{
  "leader": "04628cam a2200565 a 4500",
  "fields": [
    {
      "001": "ocm26054214\\"
    },
    {
      "003": "OCoLC"
    },
    {
      "005": "20220106141642.0"
    },
    {
      "008": "920521s1993\\\\\\\\ohuab\\\\\\\\b\\\\\\s001\\0\\eng\\\\"
    },
    {
      "010": {
        "ind1": "\\",
        "ind2": "\\",
        "subfields": [
          {
            "a": "   92018509 "
          }
        ]
      }
    },
    {
      "040": {
        "ind1": "\\",
        "ind2": "\\",
        "subfields": [
          {
            "a": "DLC"
          },
          {
            "b": "eng"
          },
          {
            "c": "DLC"
          },
          {
            "d": "BTCTA"
          },
          {
            "d": "YDXCP"
          },
          {
            "d": "BAKER"
          },
          {
            "d": "EUM"
          },
          {
            "d": "UKMGB"
          },
          {
            "d": "OCLCF"
          },
          {
            "d": "OCLCQ"
          },
          {
            "d": "OCL"
          },
          {
            "d": "OCLCA"
          },
          {
            "d": "VGM"
          },
          {
            "d": "UKUOY"
          },
          {
            "d": "NAM"
          },
          {
            "d": "UWO"
          },
          {
            "d": "OCLCQ"
          },
          {
            "d": "OCLCO"
          },
          {
            "d": "IL4J6"
          },
          {
            "d": "OCLCO"
          }
        ]
      }
    },
    {
      "016": {
        "ind1": "7",
        "ind2": "\\",
        "subfields": [
          {
            "a": "009785561"
          },
          {
            "2": "Uk"
          }
        ]
      }
    },
    {
      "019": {
        "ind1": "\\",
        "ind2": "\\",
        "subfields": [
          {
            "a": "59997673"
          },
          {
            "a": "1022686098"
          },
          {
            "a": "1049750244"
          },
          {
            "a": "1167059115"
          }
        ]
      }
    },
    {
      "020": {
        "ind1": "\\",
        "ind2": "\\",
        "subfields": [
          {
            "a": "0814205879"
          },
          {
            "q": "(cloth ;"
          },
          {
            "q": "alk. paper)"
          }
        ]
      }
    },
    {
      "020": {
        "ind1": "\\",
        "ind2": "\\",
        "subfields": [
          {
            "a": "9780814205877"
          },
          {
            "q": "(cloth ;"
          },
          {
            "q": "alk. paper)"
          }
        ]
      }
    },
    {
      "020": {
        "ind1": "\\",
        "ind2": "\\",
        "subfields": [
          {
            "a": "0814205887"
          },
          {
            "q": "(paper ;"
          },
          {
            "q": "alk. paper)"
          }
        ]
      }
    },
    {
      "020": {
        "ind1": "\\",
        "ind2": "\\",
        "subfields": [
          {
            "a": "9780814205884"
          },
          {
            "q": "(paper ;"
          },
          {
            "q": "alk. paper)"
          }
        ]
      }
    },
    {
      "035": {
        "ind1": "\\",
        "ind2": "\\",
        "subfields": [
          {
            "a": "(OCoLC)26054214"
          },
          {
            "z": "(OCoLC)59997673"
          },
          {
            "z": "(OCoLC)1022686098"
          },
          {
            "z": "(OCoLC)1049750244"
          },
          {
            "z": "(OCoLC)1167059115"
          }
        ]
      }
    },
    {
      "043": {
        "ind1": "\\",
        "ind2": "\\",
        "subfields": [
          {
            "a": "n-us-ny"
          }
        ]
      }
    },
    {
      "050": {
        "ind1": "0",
        "ind2": "0",
        "subfields": [
          {
            "a": "HT177.N5"
          },
          {
            "b": "S39 1993"
          }
        ]
      }
    },
    {
      "082": {
        "ind1": "0",
        "ind2": "0",
        "subfields": [
          {
            "a": "307.3416097471"
          },
          {
            "b": "SCH"
          }
        ]
      }
    },
    {
      "100": {
        "ind1": "1",
        "ind2": "\\",
        "subfields": [
          {
            "a": "Schwartz, Joel."
          }
        ]
      }
    },
    {
      "245": {
        "ind1": "1",
        "ind2": "4",
        "subfields": [
          {
            "a": "The New York approach :"
          },
          {
            "b": "Robert Moses, urban liberals, and redevelopment of the inner city /"
          },
          {
            "c": "Joel Schwartz."
          }
        ]
      }
    },
    {
      "260": {
        "ind1": "\\",
        "ind2": "\\",
        "subfields": [
          {
            "a": "Columbus :"
          },
          {
            "b": "Ohio State University Press,"
          },
          {
            "c": "\u00a91993."
          }
        ]
      }
    },
    {
      "300": {
        "ind1": "\\",
        "ind2": "\\",
        "subfields": [
          {
            "a": "xxiii, 375 pages :"
          },
          {
            "b": "illustrations, maps ;"
          },
          {
            "c": "24 cm."
          }
        ]
      }
    },
    {
      "336": {
        "ind1": "\\",
        "ind2": "\\",
        "subfields": [
          {
            "a": "text"
          },
          {
            "b": "txt"
          },
          {
            "2": "rdacontent"
          }
        ]
      }
    },
    {
      "337": {
        "ind1": "\\",
        "ind2": "\\",
        "subfields": [
          {
            "a": "unmediated"
          },
          {
            "b": "n"
          },
          {
            "2": "rdamedia"
          }
        ]
      }
    },
    {
      "338": {
        "ind1": "\\",
        "ind2": "\\",
        "subfields": [
          {
            "a": "volume"
          },
          {
            "b": "nc"
          },
          {
            "2": "rdacarrier"
          }
        ]
      }
    },
    {
      "490": {
        "ind1": "1",
        "ind2": "\\",
        "subfields": [
          {
            "a": "Urban life and urban landscape series"
          }
        ]
      }
    },
    {
      "504": {
        "ind1": "\\",
        "ind2": "\\",
        "subfields": [
          {
            "a": "Includes bibliographical references (pages 311-363) and index."
          }
        ]
      }
    },
    {
      "505": {
        "ind1": "0",
        "ind2": "\\",
        "subfields": [
          {
            "a": "1. Traditions -- 2. Redevelopment and Public Housing -- 3. The Redevelopment Front -- 4. Stuyvesant Town -- 5. The Redevelopment Machine -- 6. Centers and Fringes -- 7. Maneuver and Collaboration -- 8. Room for Modern Medicine -- 9. Blue-Collar Blight -- 10. Full Exposure -- The Power Broker and His Clients."
          }
        ]
      }
    },
    {
      "520": {
        "ind1": "\\",
        "ind2": "\\",
        "subfields": [
          {
            "a": "Joel Schwartz's major reinterpretation of urban development in New York City examines Robert Moses's role in shaping the city and demonstrates for the first time that Moses's personal and ruthless crusade to redevelop New York's neighborhoods was actually sustained by his alliance with liberal city groups. After World War II, New York City forged ahead with urban renewal made possible by Title I of the Housing Act of 1949. While Title I was meant to help big cities replace slums with middle-class housing, New York instead used the program to replace housing for the poor with high-rent apartments, medical centers, and university campuses. When Title I became synonymous with callous relocation and \"Negro removal,\" New Yorkers blamed Robert Moses, the legendary construction czar. While many concluded that Moses's high-handed ways were behind much that went wrong with their city, few could explain how he operated in a town famous for its feisty neighborhoods, liberal politics, and pioneer interracialism. From exhaustive research in previously unexamined archives, Schwartz demonstrates the extent to which Moses was abetted by liberal city leaders. He describes how insiders' deals for choice Title I sites emerged from the old ambitions of neighborhood civic groups and public housing advocates, and argues that urban liberals had long been prepared to sacrifice working-class neighborhoods for the city efficient. He explodes the myth of neighborhood resistance to Moses in Greenwich Village, the Upper West Side, and Morningside Heights, and instead finds steady collaboration of local civic leaders. Joel Schwartz's complex, disturbing portrait of Robert Moses and the civic leaders who sustained his power will surprise and enlighten readers interested in the evolution and development of New York and of today's post-industrial cities."
          }
        ]
      }
    },
    {
      "583": {
        "ind1": "1",
        "ind2": "\\",
        "subfields": [
          {
            "a": "Self-Renewing"
          },
          {
            "c": "2017"
          },
          {
            "5": "UoY"
          }
        ]
      }
    },
    {
      "600": {
        "ind1": "1",
        "ind2": "0",
        "subfields": [
          {
            "a": "Moses, Robert,"
          },
          {
            "d": "1888-1981."
          }
        ]
      }
    },
    {
      "650": {
        "ind1": "\\",
        "ind2": "0",
        "subfields": [
          {
            "a": "Urban renewal"
          },
          {
            "z": "New York (State)"
          },
          {
            "z": "New York"
          },
          {
            "x": "History"
          },
          {
            "y": "20th century."
          }
        ]
      }
    },
    {
      "650": {
        "ind1": "\\",
        "ind2": "0",
        "subfields": [
          {
            "a": "Inner cities"
          },
          {
            "z": "New York (State)"
          },
          {
            "z": "New York"
          },
          {
            "x": "History"
          },
          {
            "y": "20th century."
          }
        ]
      }
    },
    {
      "650": {
        "ind1": "\\",
        "ind2": "0",
        "subfields": [
          {
            "a": "Real estate development"
          },
          {
            "z": "New York (State)"
          },
          {
            "z": "New York"
          },
          {
            "x": "History"
          },
          {
            "y": "20th century."
          }
        ]
      }
    },
    {
      "600": {
        "ind1": "1",
        "ind2": "7",
        "subfields": [
          {
            "a": "Moses, Robert,"
          },
          {
            "d": "1888-1981"
          },
          {
            "2": "fast"
          },
          {
            "0": "(OCoLC)fst00002226"
          }
        ]
      }
    },
    {
      "650": {
        "ind1": "\\",
        "ind2": "7",
        "subfields": [
          {
            "a": "Inner cities."
          },
          {
            "2": "fast"
          },
          {
            "0": "(OCoLC)fst00973711"
          }
        ]
      }
    },
    {
      "650": {
        "ind1": "\\",
        "ind2": "7",
        "subfields": [
          {
            "a": "Real estate development."
          },
          {
            "2": "fast"
          },
          {
            "0": "(OCoLC)fst01090973"
          }
        ]
      }
    },
    {
      "650": {
        "ind1": "\\",
        "ind2": "7",
        "subfields": [
          {
            "a": "Urban renewal."
          },
          {
            "2": "fast"
          },
          {
            "0": "(OCoLC)fst01162536"
          }
        ]
      }
    },
    {
      "651": {
        "ind1": "\\",
        "ind2": "7",
        "subfields": [
          {
            "a": "New York (State)"
          },
          {
            "z": "New York."
          },
          {
            "2": "fast"
          },
          {
            "0": "(OCoLC)fst01204333"
          }
        ]
      }
    },
    {
      "648": {
        "ind1": "\\",
        "ind2": "7",
        "subfields": [
          {
            "a": "1900-1999"
          },
          {
            "2": "fast"
          }
        ]
      }
    },
    {
      "655": {
        "ind1": "\\",
        "ind2": "7",
        "subfields": [
          {
            "a": "History."
          },
          {
            "2": "fast"
          },
          {
            "0": "(OCoLC)fst01411628"
          }
        ]
      }
    },
    {
      "776": {
        "ind1": "0",
        "ind2": "8",
        "subfields": [
          {
            "i": "Online version:"
          },
          {
            "a": "Schwartz, Joel."
          },
          {
            "t": "New York approach."
          },
          {
            "d": "Columbus : Ohio State University Press, \u00a91993"
          },
          {
            "w": "(OCoLC)899701843"
          }
        ]
      }
    },
    {
      "830": {
        "ind1": "\\",
        "ind2": "0",
        "subfields": [
          {
            "a": "Urban life and urban landscape series."
          }
        ]
      }
    },
    {
      "994": {
        "ind1": "\\",
        "ind2": "\\",
        "subfields": [
          {
            "a": "Z0"
          },
          {
            "b": "NYRVC"
          }
        ]
      }
    },
    {
      "948": {
        "ind1": "\\",
        "ind2": "\\",
        "subfields": [
          {
            "h": "NO HOLDINGS IN NYRVC - 372 OTHER HOLDINGS"
          }
        ]
      }
    },
    {
      "999": {
        "ind1": "\\",
        "ind2": "\\",
        "subfields": [
          {
            "a": "00000000014594"
          }
        ]
      }
    },
    {
      "999": {
        "ind1": "\\",
        "ind2": "\\",
        "subfields": [
          {
            "a": "00000000014598"
          }
        ]
      }
    }
  ]
}